<record><leader>00000cas a22000007a 4500</leader><controlfield tag="001">21478572</controlfield><controlfield tag="008">900504d19251948ohuwr ne      0    0eng d</controlfield><datafield ind1=" " ind2=" " tag="010"><subfield code="a">sn 90068395 </subfield></datafield><datafield ind1=" " ind2=" " tag="040"><subfield code="a">ONP</subfield><subfield code="b">eng</subfield><subfield code="c">ONP</subfield><subfield code="d">OCLCQ</subfield></datafield><datafield ind1=" " ind2=" " tag="042"><subfield code="a">msc</subfield></datafield><datafield ind1="0" ind2="0" tag="245"><subfield code="a">Miami Union and feature weekly.</subfield></datafield><datafield ind1=" " ind2=" " tag="260"><subfield code="a">Troy, Ohio :</subfield><subfield code="b">Montgomery Print. Co.,</subfield><subfield code="c">1925-1948.</subfield></datafield><datafield ind1=" " ind2=" " tag="300"><subfield code="a">v.</subfield></datafield><datafield ind1=" " ind2=" " tag="310"><subfield code="a">Weekly</subfield></datafield><datafield ind1="0" ind2=" " tag="362"><subfield code="a">Vol. 60, no. 79 (Oct. 1, 1925)-v. 82, no. 53 (Dec. 30, 1948).</subfield></datafield><datafield ind1=" " ind2=" " tag="752"><subfield code="a">United States</subfield><subfield code="b">Ohio</subfield><subfield code="c">Miami</subfield><subfield code="d">Troy.</subfield></datafield><datafield ind1="0" ind2="0" tag="780"><subfield code="t">Miami Union (Troy, Ohio : 1864)</subfield><subfield code="w">(DLC)sn 85038113</subfield></datafield><datafield ind1="0" ind2="0" tag="785"><subfield code="t">Miami Union (Troy, Ohio : 1949)</subfield><subfield code="w">(DLC)sn 88077134</subfield></datafield></record>